%%Referencias del capitulo 1
@Inbook{Bao2004,
	author="Bao, Ling
	and Intille, Stephen S.",
	editor="Ferscha, Alois
	and Mattern, Friedemann",
	chapter="Activity Recognition from User-Annotated Acceleration Data",
	title="Pervasive Computing: Second International Conference, PERVASIVE 2004, Linz/Vienna, Austria, April 21-23, 2004. Proceedings",
	year="2004",
	publisher="Springer Berlin Heidelberg",
	address="Berlin, Heidelberg",
	pages="1--17",
	isbn="978-3-540-24646-6",
	doi="10.1007/978-3-540-24646-6_1",
	url="http://dx.doi.org/10.1007/978-3-540-24646-6_1"
}

@ARTICLE{LaraLabrador2013,
	author={O. D. Lara and M. A. Labrador},
	journal={IEEE Communications Surveys Tutorials},
	title={A Survey on Human Activity Recognition using Wearable Sensors},
	year={2013},
	volume={15},
	number={3},
	pages={1192-1209},
	keywords={image motion analysis;learning (artificial intelligence);mobile computing;wearable computers;energy consumption;human activity recognition;mobile devices;open problems;pervasive computing;recognition performance;response time;semi-supervised learning;two-level taxonomy;wearable sensors;Accelerometers;Feature extraction;Pervasive computing;Wearable sensors;Human-centric sensing;context awareness;machine learning;mobile applications},
	doi={10.1109/SURV.2012.110112.00192},
	ISSN={1553-877X},
	month={Third},
}

@INPROCEEDINGS{LaraLabrador2012,
	author={Ã“ D. Lara and M. A. Labrador},
	booktitle={2012 IEEE Consumer Communications and Networking Conference (CCNC)},
	title={A mobile platform for real-time human activity recognition},
	year={2012},
	pages={667-671},
	keywords={behavioural sciences computing;body area networks;mobile computing;pattern classification;MECLA;body area network;classification algorithm;context aware application;energy consumption requirement;energy processing;mobile devices;mobile evaluation of classifier;mobile platform;power processing;real-time human activity recognition;response time;Acceleration;Accuracy;Feature extraction;Mobile communication;Mobile handsets;Sensors;Time factors;Body Area Networks;Human-centric sensing;Machine learning;Mobile applications},
	doi={10.1109/CCNC.2012.6181018},
	ISSN={2331-9852},
	month={Jan},}

@article{Kwapisz2011,
	author = {Kwapisz, Jennifer R. and Weiss, Gary M. and Moore, Samuel A.},
	title = {Activity Recognition Using Cell Phone Accelerometers},
	journal = {SIGKDD Explor. Newsl.},
	issue_date = {December 2010},
	volume = {12},
	number = {2},
	month = mar,
	year = {2011},
	issn = {1931-0145},
	pages = {74--82},
	numpages = {9},
	url = {http://doi.acm.org/10.1145/1964897.1964918},
	doi = {10.1145/1964897.1964918},
	acmid = {1964918},
	publisher = {ACM},
	address = {New York, NY, USA},
	keywords = {accelerometer, activity recognition, cell phone, induction, sensor mining, sensors},
} 

%%Referencias del capitulo 2
@Inbook{ReyesOrtiz2015,
	author="Reyes Ortiz, Jorge Luis",
	chapter="Introduction",
	title="Smartphone-Based Human Activity Recognition",
	year="2015",
	publisher="Springer International Publishing",
	address="Cham",
	pages="1--5",
	isbn="978-3-319-14274-6",
	doi="10.1007/978-3-319-14274-6_1",
	url="http://dx.doi.org/10.1007/978-3-319-14274-6_1"
}

@phdthesis{karmul2010,
	title={Efficient Daily Activity Recognition using Data Mining and Adaboost},
	author={Hasan, Md Kamrul},
	year={2010},
	school={Kyung Hee University Seoul, Korea}
}

@article{Poppe2007,
	author = {Poppe, Ronald},
	title = {Vision-based Human Motion Analysis: An Overview},
	journal = {Comput. Vis. Image Underst.},
	issue_date = {October, 2007},
	volume = {108},
	number = {1-2},
	month = oct,
	year = {2007},
	issn = {1077-3142},
	pages = {4--18},
	numpages = {15},
	url = {http://dx.doi.org/10.1016/j.cviu.2006.10.016},
	doi = {10.1016/j.cviu.2006.10.016},
	acmid = {1288092},
	publisher = {Elsevier Science Inc.},
	address = {New York, NY, USA},
	keywords = {Computer vision, Human motion analysis, Pose estimation},
} 

@article{Gyorbiro2009,
	author = {Gy\"{o}rb\'{\i}r\'{o}, Norbert and F\'{a}bi\'{a}n, \'{A}kos and Hom\'{a}nyi, Gergely},
	title = {An Activity Recognition System for Mobile Phones},
	journal = {Mob. Netw. Appl.},
	issue_date = {February 2009},
	volume = {14},
	number = {1},
	month = feb,
	year = {2009},
	issn = {1383-469X},
	pages = {82--91},
	numpages = {10},
	url = {http://dx.doi.org/10.1007/s11036-008-0112-y},
	doi = {10.1007/s11036-008-0112-y},
	acmid = {1503503},
	publisher = {Springer-Verlag New York, Inc.},
	address = {Secaucus, NJ, USA},
	keywords = {lifelogging, mobile computing, motion recognition, motion sensors, neural networks},
} 


%%%%%%%%%%%%%%%%%%%%%%%%%%%%%%%%%%%%%%%%%%%%%%%%%%%%%%%%%%%%%%%%%%%%%%%%%%%%%%%%%%%%%%%%%%%%%%%%
%%Referencias del capitulo 3
%%%%%%%%%%%%%%%%%%%%%%%%%%%%%%%%%%%%%%%%%%%%%%%%%%%%%%%%%%%%%%%%%%%%%%%%%%%%%%%%%%%%%%%%%%%%%%%%


%%%%%%%%%%%%%%%%%%%%%%%%%%%%%%%%%%%%%%%%%%%%%%%%%%%%%%%%%%%%%%%%%%%%%%%%%%%%%%%%%%%%%%%%%%%%%%%%
%%Referencias del capitulo 4
%%%%%%%%%%%%%%%%%%%%%%%%%%%%%%%%%%%%%%%%%%%%%%%%%%%%%%%%%%%%%%%%%%%%%%%%%%%%%%%%%%%%%%%%%%%%%%%%


%%%%%%%%%%%%%%%%%%%%%%%%%%%%%%%%%%%%%%%%%%%%%%%%%%%%%%%%%%%%%%%%%%%%%%%%%%%%%%%%%%%%%%%%%%%%%%%%
%%Referencias del capitulo 5
%%%%%%%%%%%%%%%%%%%%%%%%%%%%%%%%%%%%%%%%%%%%%%%%%%%%%%%%%%%%%%%%%%%%%%%%%%%%%%%%%%%%%%%%%%%%%%%%


%%%%%%%%%%%%%%%%%%%%%%%%%%%%%%%%%%%%%%%%%%%%%%%%%%%%%%%%%%%%%%%%%%%%%%%%%%%%%%%%%%%%%%%%%%%%%%%%
%%Referencias del capitulo 6
%%%%%%%%%%%%%%%%%%%%%%%%%%%%%%%%%%%%%%%%%%%%%%%%%%%%%%%%%%%%%%%%%%%%%%%%%%%%%%%%%%%%%%%%%%%%%%%%

